<collection xmlns="http://www.loc.gov/MARC21/slim">
<record>
  <leader>02241nam0a2200361 i 450 </leader>
  <controlfield tag="001">IT\ICCU\CNCE\037795</controlfield>
  <controlfield tag="005">20110314000000.0</controlfield>
  <datafield tag="012" ind1=" " ind2=" ">
    <subfield code="a">s.ro e.n- a-al D.M. (3) 1585 (R)</subfield>
    <subfield code="2">fei</subfield>
    <subfield code="9">1</subfield>
  </datafield>
  <datafield tag="012" ind1=" " ind2=" ">
    <subfield code="a">ile, o.lo roe- faL&apos; (3) 1585 (R)</subfield>
    <subfield code="2">fei</subfield>
    <subfield code="9">2</subfield>
  </datafield>
  <datafield tag="012" ind1=" " ind2=" ">
    <subfield code="a">e.e- a,la non- IlIl (3) 1585 (R)</subfield>
    <subfield code="2">fei</subfield>
    <subfield code="9">3</subfield>
  </datafield>
  <datafield tag="012" ind1=" " ind2=" ">
    <subfield code="a">e-to i.to eio- beua (3) 1585 (R)</subfield>
    <subfield code="2">fei</subfield>
    <subfield code="9">4</subfield>
  </datafield>
  <datafield tag="100" ind1=" " ind2=" ">
    <subfield code="a">19981022d1585        0itac0103    ba</subfield>
  </datafield>
  <datafield tag="101" ind1=" " ind2=" ">
    <subfield code="a">ITA</subfield>
  </datafield>
  <datafield tag="102" ind1=" " ind2=" ">
    <subfield code="a">IT</subfield>
  </datafield>
  <datafield tag="200" ind1="1" ind2=" ">
    <subfield code="a">Bellissimo, et deuotissimo dialogo, ouero interrogatorio. Diuiso in tre parti, qual dichiara tutte le cose piu necessarie alla salute, ... con quattro sermoni nel fine a questo proposito. Raccolto dal r.p. don Giouanpaolo da Como, sacerdote de Clerici regolari: &amp; di nuouo con somma diligenza ricorretto</subfield>
  </datafield>
  <datafield tag="210" ind1=" " ind2=" ">
    <subfield code="a">In Venetia</subfield>
    <subfield code="c">presso Domenico Imberti</subfield>
    <subfield code="d">1585</subfield>
  </datafield>
  <datafield tag="215" ind1=" " ind2=" ">
    <subfield code="a">4 v.</subfield>
    <subfield code="c">ill.</subfield>
    <subfield code="d">8ʻ</subfield>
  </datafield>
  <datafield tag="300" ind1=" " ind2=" ">
    <subfield code="a">2: Seconda parte del dialogo, ouero interrogatorio ...3: Terza parte del dialogo, ouero interrogatorio ...4: Quattro sermonetti appropriati da far recitar alli putti nelle scuole la festa ...</subfield>
  </datafield>
  <datafield tag="423" ind1=" " ind2="0">
    <subfield code="1">001IT\ICCU\CNCE\054889</subfield>
    <subfield code="1">2001 </subfield>
    <subfield code="a">Quattro sermonetti appropriati da far recitar alli putti nelle scuole la festa ...</subfield>
  </datafield>
  <datafield tag="423" ind1=" " ind2="0">
    <subfield code="1">001IT\ICCU\CNCE\064642</subfield>
    <subfield code="1">2001 </subfield>
    <subfield code="a">Seconda parte del dialogo, ouero interrogatorio ...</subfield>
  </datafield>
  <datafield tag="423" ind1=" " ind2="0">
    <subfield code="1">001IT\ICCU\CNCE\064643</subfield>
    <subfield code="1">2001 </subfield>
    <subfield code="a">Terza parte del dialogo, ouero interrogatorio ...</subfield>
  </datafield>
  <datafield tag="620" ind1=" " ind2=" ">
    <subfield code="a">IT</subfield>
    <subfield code="d">Venezia</subfield>
  </datafield>
  <datafield tag="700" ind1=" " ind2="1">
    <subfield code="a">Montorfano,</subfield>
    <subfield code="b">Giovan Paolo</subfield>
    <subfield code="3">IT\ICCU\CNCA\003234</subfield>
  </datafield>
  <datafield tag="712" ind1="0" ind2="0">
    <subfield code="a">Imberti, Domenico</subfield>
    <subfield code="3">IT\ICCU\CNCT\000603</subfield>
    <subfield code="4">650</subfield>
  </datafield>
  <datafield tag="790" ind1=" " ind2="1">
    <subfield code="a">Montorfani,</subfield>
    <subfield code="b">Giovan Paolo</subfield>
    <subfield code="3">IT\ICCU\CNCA\020199</subfield>
    <subfield code="z">Montorfano, Giovan Paolo</subfield>
  </datafield>
  <datafield tag="790" ind1=" " ind2="0">
    <subfield code="a">Giovan Paolo</subfield>
    <subfield code="c"> : da#Como</subfield>
    <subfield code="3">IT\ICCU\CNCA\024101</subfield>
    <subfield code="z">Montorfano, Giovan Paolo</subfield>
  </datafield>
  <datafield tag="790" ind1=" " ind2="0">
    <subfield code="a">Giovanni Paolo</subfield>
    <subfield code="c"> : da Como</subfield>
    <subfield code="3">IT\ICCU\CNCA\028994</subfield>
    <subfield code="z">Montorfano, Giovan Paolo</subfield>
  </datafield>
  <datafield tag="791" ind1="0" ind2="0">
    <subfield code="a">Imbertis, Dominicus de</subfield>
    <subfield code="3">IT\ICCU\CNCT\004846</subfield>
    <subfield code="z">Imberti, Domenico</subfield>
  </datafield>
  <datafield tag="801" ind1=" " ind2="3">
    <subfield code="a">IT</subfield>
    <subfield code="b">ICCU</subfield>
    <subfield code="c">20201114</subfield>
  </datafield>
  <datafield tag="899" ind1=" " ind2=" ">
    <subfield code="a">Biblioteca nazionale centrale. Firenze</subfield>
    <subfield code="1">FI0098</subfield>
    <subfield code="2">CFI CF</subfield>
  </datafield>
  <datafield tag="899" ind1=" " ind2=" ">
    <subfield code="a">Biblioteca universitaria Alessandrina. Roma</subfield>
    <subfield code="1">RM0280</subfield>
    <subfield code="2">RML 01</subfield>
  </datafield>
  <datafield tag="911" ind1=" " ind2=" ">
    <subfield code="a">Sui front.</subfield>
    <subfield code="9">IT\ICCU\CNCM\002497</subfield>
  </datafield>
  <datafield tag="921" ind1=" " ind2=" ">
    <subfield code="a">IT\ICCU\CNCM\002497</subfield>
    <subfield code="b">Colomba ai piedi di una croce con le parole Paupertas Humilitas Patientia Obedientia.</subfield>
    <subfield code="c">U1015</subfield>
    <subfield code="f">COLOMBA</subfield>
    <subfield code="f">CROCE</subfield>
    <subfield code="f">PAUPERTASH</subfield>
    <subfield code="g">1585</subfield>
  </datafield>
</record>
</collection>
